<record><leader>00000cas a2200000 a 4500</leader><controlfield tag="001">13747574</controlfield><controlfield tag="008">860618c19849999nyuwr ne      0    0eng d</controlfield><datafield ind1=" " ind2=" " tag="010"><subfield code="a">sn 90066494 </subfield></datafield><datafield ind1=" " ind2=" " tag="040"><subfield code="a">YSC</subfield><subfield code="b">eng</subfield><subfield code="c">YSC</subfield><subfield code="d">NYS</subfield><subfield code="d">FUG</subfield><subfield code="d">OCL</subfield><subfield code="d">NYS</subfield><subfield code="d">OCLCQ</subfield><subfield code="d">OCLCF</subfield><subfield code="d">OCLCO</subfield></datafield><datafield ind1="1" ind2=" " tag="029"><subfield code="a">AU@</subfield><subfield code="b">000012569210</subfield></datafield><datafield ind1=" " ind2=" " tag="042"><subfield code="a">msc</subfield></datafield><datafield ind1=" " ind2=" " tag="043"><subfield code="a">n-us-ny</subfield></datafield><datafield ind1="0" ind2=" " tag="130"><subfield code="a">Valley news (Vestal, N.Y.)</subfield></datafield><datafield ind1="1" ind2="0" tag="245"><subfield code="a">Valley news.</subfield></datafield><datafield ind1=" " ind2=" " tag="260"><subfield code="a">Vestal, N.Y. :</subfield><subfield code="b">Southern Tier Publications,</subfield><subfield code="c">1984-</subfield></datafield><datafield ind1=" " ind2=" " tag="300"><subfield code="a">v. :</subfield><subfield code="b">ill.</subfield></datafield><datafield ind1=" " ind2=" " tag="310"><subfield code="a">Weekly</subfield></datafield><datafield ind1="0" ind2=" " tag="362"><subfield code="a">Vol. 1, no. 1 (May 16, 1984)- ; v. 1, no. 1 (May 4, 1989)-</subfield></datafield><datafield ind1=" " ind2=" " tag="500"><subfield code="a">Published in Endicott, N.Y., &lt;1991&gt;-</subfield></datafield><datafield ind1=" " ind2=" " tag="500"><subfield code="a">Official newspaper, Town of Vestal and Town of Maine.</subfield></datafield><datafield ind1=" " ind2=" " tag="580"><subfield code="a">Other eds.: Vestal news (Endwell, N.Y.), &lt;1996&gt;; Owego news, 1994-&lt;1998&gt;.</subfield></datafield><datafield ind1=" " ind2="0" tag="651"><subfield code="a">Endicott (N.Y.)</subfield><subfield code="v">Newspapers.</subfield></datafield><datafield ind1=" " ind2="0" tag="651"><subfield code="a">Vestal (N.Y.)</subfield><subfield code="v">Newspapers.</subfield></datafield><datafield ind1=" " ind2="0" tag="651"><subfield code="a">Maine (N.Y. : Town)</subfield><subfield code="v">Newspapers.</subfield></datafield><datafield ind1=" " ind2="0" tag="651"><subfield code="a">Broome County (N.Y.)</subfield><subfield code="v">Newspapers.</subfield></datafield><datafield ind1=" " ind2="7" tag="655"><subfield code="a">Newspapers.</subfield><subfield code="2">fast</subfield><subfield code="0">(OCoLC)fst01423814</subfield></datafield><datafield ind1=" " ind2="7" tag="651"><subfield code="a">New York (State)</subfield><subfield code="z">Broome County.</subfield><subfield code="2">fast</subfield><subfield code="0">(OCoLC)fst01233031</subfield></datafield><datafield ind1=" " ind2="7" tag="651"><subfield code="a">New York (State)</subfield><subfield code="z">Endicott.</subfield><subfield code="2">fast</subfield><subfield code="0">(OCoLC)fst01212775</subfield></datafield><datafield ind1=" " ind2="7" tag="651"><subfield code="a">New York (State)</subfield><subfield code="z">Maine (Town)</subfield><subfield code="2">fast</subfield><subfield code="0">(OCoLC)fst01336752</subfield></datafield><datafield ind1=" " ind2="7" tag="651"><subfield code="a">New York (State)</subfield><subfield code="z">Vestal.</subfield><subfield code="2">fast</subfield><subfield code="0">(OCoLC)fst01228463</subfield></datafield><datafield ind1=" " ind2=" " tag="752"><subfield code="a">United States</subfield><subfield code="b">New York</subfield><subfield code="c">Broome</subfield><subfield code="d">Endicott.</subfield></datafield><datafield ind1=" " ind2=" " tag="752"><subfield code="a">United States</subfield><subfield code="b">New York</subfield><subfield code="c">Broome</subfield><subfield code="d">Vestal.</subfield></datafield><datafield ind1=" " ind2=" " tag="752"><subfield code="a">United States</subfield><subfield code="b">New York</subfield><subfield code="c">Broome</subfield><subfield code="d">Maine.</subfield></datafield><datafield ind1="1" ind2=" " tag="775"><subfield code="t">Vestal news (Endwell, N.Y.)</subfield><subfield code="w">(DLC)sn 96027432</subfield><subfield code="w">(OCoLC)34953167</subfield></datafield><datafield ind1="1" ind2=" " tag="775"><subfield code="t">Owego news</subfield><subfield code="g">1994-&lt;1998&gt;</subfield><subfield code="w">(DLC)sn2001061827</subfield><subfield code="w">(OCoLC)47351959</subfield></datafield><datafield ind1="0" ind2="4" tag="780"><subfield code="t">Tempo of the Towns</subfield><subfield code="w">(DLC)sn 90066052</subfield><subfield code="w">(OCoLC)21473001</subfield></datafield><datafield ind1="0" ind2="4" tag="780"><subfield code="t">Vestal news</subfield><subfield code="w">(DLC)sn 90066051</subfield><subfield code="w">(OCoLC)19578462</subfield></datafield></record>